101 103900036 1039000361604041600A094101BANK OF OKLAHOMA       EXPLORER PIPELINE CO           
5220EXPLORERPIPELINEDYNAMICS EFT DEPOSIT73-0785982CCDPAYABLES  040416160406   1103900030000001
6220620000190101858270       0000089250ACTIONR        ACTION RESOURCES, INC.  1103900030000001
705EXPLORER PIPELINE COMPANY                                                       00010000001
622103908669064289           0000031769ADMIRAL        ADMIRAL EXPRESS, INC    1103900030000002
705EXPLORER PIPELINE COMPANY                                                       00010000001
622103900036208355063        0000019362AMERWASTE3     AMERICAN WASTE CONTROL  1103900030000003
705EXPLORER PIPELINE COMPANY                                                       00010000001
6221210002484123507162       0000602659BAKER          BAKERCORP               1103900030000004
705EXPLORER PIPELINE COMPANY                                                       00010000001
62207100015247910            0000016436CDWDIRECT      CDW DIRECT, LLC.        1103900030000005
705EXPLORER PIPELINE COMPANY                                                       00010000001
62204200031471935081         0000062433CINTAS         CINTAS CORPORATION      1103900030000006
705EXPLORER PIPELINE COMPANY                                                       00010000001
622111000614643372675        0000321000COASTALFLOW    COASTAL FLOW LIQUID ME  1103900030000007
705EXPLORER PIPELINE COMPANY                                                       00010000001
622103900036814099230        0000018753COX            COX COMMUNICATIONS - T  1103900030000008
705EXPLORER PIPELINE COMPANY                                                       00010000001
622021000021844018085        0000357913CRANE          JOHN CRANE INC          1103900030000009
705EXPLORER PIPELINE COMPANY                                                       00010000001
6221031006161376927          0000007965CREEKCOWAT     CREEK COUNTY            1103900030000010
705EXPLORER PIPELINE COMPANY                                                       00010000001
6223140742692688824          0000016550DOBSON         JAMES K DOBSON          1103900030000011
705EXPLORER PIPELINE COMPANY                                                       00010000001
6220710000135596475          0000054593FEDEXPRESS     FEDEX                   1103900030000012
705EXPLORER PIPELINE COMPANY                                                       00010000001
62211312463725002035434      0000472112FIRSTCALL      FIRST CALL FIELD SERVI  1103900030000013
705EXPLORER PIPELINE COMPANY                                                       00010000001
6221031011075059886          0000009500FULTZS         SYDNEE J. FULTZ         1103900030000014
705EXPLORER PIPELINE COMPANY                                                       00010000001
6221119074452520835701       0000091728FURMANITEAMER  FURMANITE AMERICA, INC  1103900030000015
705EXPLORER PIPELINE COMPANY                                                       00010000001
6221119007850166093996       0000360576GRANTHAM       GRANTHAM & ASSOCIATES,  1103900030000016
705EXPLORER PIPELINE COMPANY                                                       00010000001
6221210002484122815749       0000127500HERITAGE       HERITAGE ENVIRONMENTAL  1103900030000017
705EXPLORER PIPELINE COMPANY                                                       00010000001
62208100060540016994         0000080157HTE            HTE TECHNOLOGIES        1103900030000018
705EXPLORER PIPELINE COMPANY                                                       00010000001
6221011057782006065          0000647814INDUSTRIAL     INDUSTRIAL SEALING & L  1103900030000019
705EXPLORER PIPELINE COMPANY                                                       00010000001
6221220000301453719822       0000183690INSPECTORATE   INSPECTORATE AMERICA C  1103900030000020
705EXPLORER PIPELINE COMPANY                                                       00010000001
6221110000123756431519       0000142183INTERTEK       INTERTEK USA INC        1103900030000021
705EXPLORER PIPELINE COMPANY                                                       00010000001
6221031038171245864          0000461434JACKSONWILL    WILLIAM S. JACKSON      1103900030000022
705EXPLORER PIPELINE COMPANY                                                       00010000001
622103900036857065934        0000802200MCDANIELTECH   MCDANIEL TECHNICAL SER  1103900030000023
705EXPLORER PIPELINE COMPANY                                                       00010000001
6221210002484965294168       0000206575MCJUNKINRED    MCJUNKIN RED MAN CORPO  1103900030000024
705EXPLORER PIPELINE COMPANY                                                       00010000001
6221119124981064681          0000030201MEDSAFE        W JOE SHAW, LTD         1103900030000025
705EXPLORER PIPELINE COMPANY                                                       00010000001
622101102920533610           0000531963METEREN        METER ENGINEERS, INC    1103900030000026
705EXPLORER PIPELINE COMPANY                                                       00010000001
622103900036311400501        0000027346MPACT          MPACT BUSINESS & SERVI  1103900030000027
705EXPLORER PIPELINE COMPANY                                                       00010000001
6221119006591790121402       0000034401MPSLLC         MY PIPELINE SUPPLY, LL  1103900030000028
705EXPLORER PIPELINE COMPANY                                                       00010000001
6220220000469838912666       0000027047NORTHERNSAFE   NORTHERN SAFETY CO, IN  1103900030000029
705EXPLORER PIPELINE COMPANY                                                       00010000001
6220929016831250205299       0000095392NORTHWESTIND   NORTHWEST INDUSTRIES,   1103900030000030
705EXPLORER PIPELINE COMPANY                                                       00010000001
6222719739242000001963       0000007210PORTER'S       PORTERS APPARELS, INC.  1103900030000031
705EXPLORER PIPELINE COMPANY                                                       00010000001
62212210002401676942         0000035805REPUBLIC       REPUBLIC SERVICES       1103900030000032
705EXPLORER PIPELINE COMPANY                                                       00010000001
6220115001204011257183       0000211500ROTORK         ROTORK VALVEKITS, INC   1103900030000033
705EXPLORER PIPELINE COMPANY                                                       00010000001
6220719093635410070006       0000014268SERVSAN        SERVICE SANITATION, IN  1103900030000034
705EXPLORER PIPELINE COMPANY                                                       00010000001
622071000013937526937        0000275500SETENVIRON     SET ENVIRONMENTAL, INC  1103900030000035
705EXPLORER PIPELINE COMPANY                                                       00010000001
6220710064862282234          0000195005SPRINTPIPE2    PRIMORIS ENERGY SERVIC  1103900030000036
705EXPLORER PIPELINE COMPANY                                                       00010000001
622081000032010161023798     0000140630TERRACON3      TERRACON CONSULTANTS,   1103900030000037
705EXPLORER PIPELINE COMPANY                                                       00010000001
6221031129761523724          0000051530TOTALRAD       TOTAL RADIO INC         1103900030000038
705EXPLORER PIPELINE COMPANY                                                       00010000001
622103912875400,006,284      0000107353TULSACHAIN     TULSA CHAIN.COM, LLC    1103900030000039
705EXPLORER PIPELINE COMPANY                                                       00010000001
6221210002482000124617283    0000040398UNITEDPAPA     UNITED PARCEL SERVICE   1103900030000040
705EXPLORER PIPELINE COMPANY                                                       00010000001
6220710000131013952          0000291593VEOLIATECH     VEOLIA ES TECHNICAL SO  1103900030000041
705EXPLORER PIPELINE COMPANY                                                       00010000001
622044000037872035497        0000084453YRC            YRC FREIGHT             1103900030000042
705EXPLORER PIPELINE COMPANY                                                       00010000001
8220000084042192634900000000000000000738574773-0785982                         103900030000001
9000001000009000000840421926349000000000000000007385747                                       
