101 103900036 1039000361604041601A094101BANK OF OKLAHOMA       EXPLORER PIPELINE CO           
5220EXPLORERPIPELINEDYNAMICS EFT DEPOSIT73-0785982CCDPAYABLES  040416160406   1103900030000001
62211100061400100151217      0001319979BAKERHUGHES    BAKER HUGHES            1103900030000001
705EXPLORER PIPELINE COMPANY                                                       00010000001
6220420003147027050611       0001335970CLEVELANDINTE  CLEVELAND INTEGRITY SE  1103900030000002
705EXPLORER PIPELINE COMPANY                                                       00010000001
6221031129760083622971       0001029806CLOUD          CLOUD CAPITAL LLC       1103900030000003
705EXPLORER PIPELINE COMPANY                                                       00010000001
6221010050270257664          0002668912CONTROLSYSTEMS TIMOTHY KENT WALKER     1103900030000004
705EXPLORER PIPELINE COMPANY                                                       00010000001
62208190466201111760         0001007874DUGAN          DUGAN TOOL & DIE, INC   1103900030000005
705EXPLORER PIPELINE COMPANY                                                       00010000001
6220719253340000546348       0002182265ENENGINEERING  EN ENGINEERING, LLC     1103900030000006
705EXPLORER PIPELINE COMPANY                                                       00010000001
6220865043261000021697       0004531367ENVIRON1       ENVIRONMENTAL WORKS, I  1103900030000007
705EXPLORER PIPELINE COMPANY                                                       00010000001
6220719016048100323370       0002619400GREATLAKESPL   GREAT LAKES PLANT SERV  1103900030000008
705EXPLORER PIPELINE COMPANY                                                       00010000001
6221210002484122183775       0001013284IRIS           IRIS NDT                1103900030000009
705EXPLORER PIPELINE COMPANY                                                       00010000001
622071000013838019008        0001065000JANX-RAY       JAN X-RAY SERVICES INC  1103900030000010
705EXPLORER PIPELINE COMPANY                                                       00010000001
622111000025488038479335     0005627000JETTANK        JET TANK SERVICE, LLC   1103900030000011
705EXPLORER PIPELINE COMPANY                                                       00010000001
622103000017088000057611     0003153880KIMERYPAINT    KIMERY PAINTING INCORP  1103900030000012
705EXPLORER PIPELINE COMPANY                                                       00010000001
6221031024811072362          0001463826MIDAMERICA     MID-AMERICA PIPELINE    1103900030000013
705EXPLORER PIPELINE COMPANY                                                       00010000001
6221130249153820409239       0012568600PIPELINEUN     PIPE LINE UNIQUE SERVI  1103900030000014
705EXPLORER PIPELINE COMPANY                                                       00010000001
622071000013598367311        0001978769PSCENV         STERICYCLE ENVIRONMENT  1103900030000015
705EXPLORER PIPELINE COMPANY                                                       00010000001
622103900036209924048        0001757000TANKCONS       TANK CONSULTANTS, INC   1103900030000016
705EXPLORER PIPELINE COMPANY                                                       00010000001
622103000648629612045        0007666750TDWSERV        TDW SERVICES, INC.      1103900030000017
705EXPLORER PIPELINE COMPANY                                                       00010000001
622103900036209924928        0012245850TULSAINSPE     TULSA INSPECTION RESOU  1103900030000018
705EXPLORER PIPELINE COMPANY                                                       00010000001
622102000021103674579117     0001490338VANDERPOOL     VANDERPOOL PIPELINE EN  1103900030000019
705EXPLORER PIPELINE COMPANY                                                       00010000001
622111000614711259358        0001561383YARBROUGH      YARBROUGH PIPELINE PRO  1103900030000020
705EXPLORER PIPELINE COMPANY                                                       00010000001
8220000040018862838300000000000000006828725373-0785982                         103900030000001
9000001000005000000400188628383000000000000000068287253                                       
